<record><leader>00000cas a22000007a 4500</leader><controlfield tag="001">17679487</controlfield><controlfield tag="008">880325c19869999akuwr ne      0   a0eng d</controlfield><datafield ind1=" " ind2=" " tag="010"><subfield code="a">sn 88008986 </subfield></datafield><datafield ind1=" " ind2=" " tag="040"><subfield code="a">NSD</subfield><subfield code="b">eng</subfield><subfield code="c">NSD</subfield><subfield code="d">ANU</subfield><subfield code="d">ANE</subfield><subfield code="d">OCLCQ</subfield><subfield code="d">OCLCF</subfield><subfield code="d">OCLCO</subfield></datafield><datafield ind1=" " ind2=" " tag="012"><subfield code="k">1</subfield><subfield code="l">1</subfield><subfield code="m">1</subfield></datafield><datafield ind1="1" ind2=" " tag="022"><subfield code="a">0897-9502</subfield><subfield code="l">0897-9502</subfield><subfield code="2">1</subfield></datafield><datafield ind1="1" ind2=" " tag="029"><subfield code="a">AU@</subfield><subfield code="b">000025784727</subfield></datafield><datafield ind1=" " ind2=" " tag="032"><subfield code="a">002382</subfield><subfield code="b">USPS</subfield></datafield><datafield ind1=" " ind2=" " tag="037"><subfield code="b">The Arctic Sounder, P.O. Box 290, Kotzebue, AK 99752</subfield></datafield><datafield ind1=" " ind2=" " tag="042"><subfield code="a">nsdp</subfield><subfield code="a">msc</subfield></datafield><datafield ind1=" " ind2=" " tag="043"><subfield code="a">n-us-ak</subfield></datafield><datafield ind1=" " ind2="4" tag="222"><subfield code="a">The Arctic sounder</subfield></datafield><datafield ind1="0" ind2="4" tag="245"><subfield code="a">The Arctic sounder.</subfield></datafield><datafield ind1="3" ind2="0" tag="246"><subfield code="a">Sounder</subfield></datafield><datafield ind1=" " ind2=" " tag="260"><subfield code="a">Kotzebue, Alaska :</subfield><subfield code="b">Martha A. Stewart,</subfield><subfield code="c">1986-</subfield></datafield><datafield ind1=" " ind2=" " tag="300"><subfield code="a">v.</subfield></datafield><datafield ind1=" " ind2=" " tag="310"><subfield code="a">Weekly,</subfield><subfield code="b">Jan. 17, 1992-</subfield></datafield><datafield ind1=" " ind2=" " tag="321"><subfield code="a">Biweekly,</subfield><subfield code="b">Apr. 2, 1986-Dec. 20, 1991</subfield></datafield><datafield ind1="0" ind2=" " tag="362"><subfield code="a">Vol. 1, no. 1 (Apr. 2, 1986)-</subfield></datafield><datafield ind1=" " ind2=" " tag="500"><subfield code="a">Published as: Sounder, Aug. 17, 1988.</subfield></datafield><datafield ind1=" " ind2=" " tag="515"><subfield code="a">Issue numbering irregular.</subfield></datafield><datafield ind1=" " ind2=" " tag="525"><subfield code="a">Includes monthly news page from the Northwest Arctic Borough School District: Aglaktuat, &lt;Oct. 1986-Dec. 1988&gt;.</subfield></datafield><datafield ind1=" " ind2=" " tag="588"><subfield code="a">Latest issue consulted: Vol. 3, no. 2 (Apr. 13, 1988).</subfield></datafield><datafield ind1=" " ind2="0" tag="651"><subfield code="a">Kotzebue (Alaska)</subfield><subfield code="v">Newspapers.</subfield></datafield><datafield ind1=" " ind2="7" tag="655"><subfield code="a">Newspapers.</subfield><subfield code="2">fast</subfield><subfield code="0">(OCoLC)fst01423814</subfield></datafield><datafield ind1=" " ind2="7" tag="651"><subfield code="a">Alaska</subfield><subfield code="z">Kotzebue.</subfield><subfield code="2">fast</subfield><subfield code="0">(OCoLC)fst01217837</subfield></datafield><datafield ind1="0" ind2="2" tag="740"><subfield code="a">Aglaktuat.</subfield></datafield><datafield ind1=" " ind2=" " tag="752"><subfield code="a">United States</subfield><subfield code="b">Alaska</subfield><subfield code="d">Kotzebue.</subfield></datafield></record>